@article{contribution,
   author={Kermack, W. O.; McKendrick, A. G.},
   title={A Contribution to the Mathematical Theory of Epidemics},
   journal={Proceedings of the Royal Society of London. Series A, Containing Papers of a Mathematical and Physical Character},
   volume={115},
   year=1927,
   pages={700-721}
}

@article{optimaltiming,
   author={Caulkins, Jonathan P.; Tragler, Gernot; Wallner, Dagmar},
   title={Optimal timing of use reduction vs. harm reduction in a drug epidemic model},
   journal={International Journal of Drug Policy},
   volume={20},
   year=2009,
   pages={480-487}
}

@article{optimalcontrol,
   author={Befekadu, Getachew K.; Zhu, Quanyan},
   title={Optimal control of diffusion processes pertaining to an opioid epidemic dynamical model with random perturbations},
   journal={Journal of Mathematical Biology},
   year=2018,
}
 
@misc{length,
  author = {Addiction in Family},
  title = {Length of Addiction},
  note = "http://www.addictioninfamily.com/drugs/length-of-addiction/",
  year = 2019
}

@misc{relapse,
  author = {American Addiction Centers},
  title = {Statisitcs on Drug Addiction},
  note = "https://americanaddictioncenters.org/rehab-guide/addiction-statistics",
  year = 2019
}

@article{SIRS,
   author={Greenhalgh, D.; Moneim, I.},
   title={SIRS Epidemic Model and Simulations Using Different Types of Seasonal Contact Rate},
   journal={Systems Analysis Modelling Simulation},
   volume={43},
   year=2003,
   pages={573-600}
}